%YAML 1.1
%TAG !u! tag:unity3d.com,2011:
--- !u!29 &1
OcclusionCullingSettings:
  m_ObjectHideFlags: 0
  serializedVersion: 2
  m_OcclusionBakeSettings:
    smallestOccluder: 5
    smallestHole: 0.25
    backfaceThreshold: 100
  m_SceneGUID: 00000000000000000000000000000000
  m_OcclusionCullingData: {fileID: 0}
--- !u!104 &2
RenderSettings:
  m_ObjectHideFlags: 0
  serializedVersion: 8
  m_Fog: 0
  m_FogColor: {r: 0.5, g: 0.5, b: 0.5, a: 1}
  m_FogMode: 3
  m_FogDensity: 0.01
  m_LinearFogStart: 0
  m_LinearFogEnd: 300
  m_AmbientSkyColor: {r: 0.212, g: 0.227, b: 0.259, a: 1}
  m_AmbientEquatorColor: {r: 0.114, g: 0.125, b: 0.133, a: 1}
  m_AmbientGroundColor: {r: 0.047, g: 0.043, b: 0.035, a: 1}
  m_AmbientIntensity: 1
  m_AmbientMode: 0
  m_SubtractiveShadowColor: {r: 0.42, g: 0.478, b: 0.627, a: 1}
  m_SkyboxMaterial: {fileID: 10304, guid: 0000000000000000f000000000000000, type: 0}
  m_HaloStrength: 0.5
  m_FlareStrength: 1
  m_FlareFadeSpeed: 3
  m_HaloTexture: {fileID: 0}
  m_SpotCookie: {fileID: 10001, guid: 0000000000000000e000000000000000, type: 0}
  m_DefaultReflectionMode: 0
  m_DefaultReflectionResolution: 128
  m_ReflectionBounces: 1
  m_ReflectionIntensity: 1
  m_CustomReflection: {fileID: 0}
  m_Sun: {fileID: 0}
  m_IndirectSpecularColor: {r: 0.44657898, g: 0.4964133, b: 0.5748178, a: 1}
--- !u!157 &3
LightmapSettings:
  m_ObjectHideFlags: 0
  serializedVersion: 11
  m_GIWorkflowMode: 1
  m_GISettings:
    serializedVersion: 2
    m_BounceScale: 1
    m_IndirectOutputScale: 1
    m_AlbedoBoost: 1
    m_TemporalCoherenceThreshold: 1
    m_EnvironmentLightingMode: 0
    m_EnableBakedLightmaps: 1
    m_EnableRealtimeLightmaps: 1
  m_LightmapEditorSettings:
    serializedVersion: 9
    m_Resolution: 2
    m_BakeResolution: 40
    m_TextureWidth: 1024
    m_TextureHeight: 1024
    m_AO: 0
    m_AOMaxDistance: 1
    m_CompAOExponent: 1
    m_CompAOExponentDirect: 0
    m_Padding: 2
    m_LightmapParameters: {fileID: 0}
    m_LightmapsBakeMode: 1
    m_TextureCompression: 1
    m_FinalGather: 0
    m_FinalGatherFiltering: 1
    m_FinalGatherRayCount: 256
    m_ReflectionCompression: 2
    m_MixedBakeMode: 2
    m_BakeBackend: 0
    m_PVRSampling: 1
    m_PVRDirectSampleCount: 32
    m_PVRSampleCount: 500
    m_PVRBounces: 2
    m_PVRFiltering: 0
    m_PVRFilteringMode: 1
    m_PVRCulling: 1
    m_PVRFilteringGaussRadiusDirect: 1
    m_PVRFilteringGaussRadiusIndirect: 5
    m_PVRFilteringGaussRadiusAO: 2
    m_PVRFilteringAtrousColorSigma: 1
    m_PVRFilteringAtrousNormalSigma: 1
    m_PVRFilteringAtrousPositionSigma: 1
  m_LightingDataAsset: {fileID: 112000002, guid: c3922d61302d4174da7b4434ecbbb337,
    type: 2}
  m_UseShadowmask: 1
--- !u!196 &4
NavMeshSettings:
  serializedVersion: 2
  m_ObjectHideFlags: 0
  m_BuildSettings:
    serializedVersion: 2
    agentTypeID: 0
    agentRadius: 0.5
    agentHeight: 2
    agentSlope: 45
    agentClimb: 0.4
    ledgeDropHeight: 0
    maxJumpAcrossDistance: 0
    minRegionArea: 2
    manualCellSize: 0
    cellSize: 0.16666667
    manualTileSize: 0
    tileSize: 256
    accuratePlacement: 0
  m_NavMeshData: {fileID: 0}
--- !u!1001 &46763379
Prefab:
  m_ObjectHideFlags: 0
  serializedVersion: 2
  m_Modification:
    m_TransformParent: {fileID: 0}
    m_Modifications:
    - target: {fileID: 4881219549829884, guid: 6935dcc37234ac54488e1533f31ab1c0, type: 2}
      propertyPath: m_LocalPosition.x
      value: 0.007039357
      objectReference: {fileID: 0}
    - target: {fileID: 4881219549829884, guid: 6935dcc37234ac54488e1533f31ab1c0, type: 2}
      propertyPath: m_LocalPosition.y
      value: -2.9
      objectReference: {fileID: 0}
    - target: {fileID: 4881219549829884, guid: 6935dcc37234ac54488e1533f31ab1c0, type: 2}
      propertyPath: m_LocalPosition.z
      value: 0
      objectReference: {fileID: 0}
    - target: {fileID: 4881219549829884, guid: 6935dcc37234ac54488e1533f31ab1c0, type: 2}
      propertyPath: m_LocalRotation.x
      value: -0
      objectReference: {fileID: 0}
    - target: {fileID: 4881219549829884, guid: 6935dcc37234ac54488e1533f31ab1c0, type: 2}
      propertyPath: m_LocalRotation.y
      value: -0
      objectReference: {fileID: 0}
    - target: {fileID: 4881219549829884, guid: 6935dcc37234ac54488e1533f31ab1c0, type: 2}
      propertyPath: m_LocalRotation.z
      value: -0
      objectReference: {fileID: 0}
    - target: {fileID: 4881219549829884, guid: 6935dcc37234ac54488e1533f31ab1c0, type: 2}
      propertyPath: m_LocalRotation.w
      value: 1
      objectReference: {fileID: 0}
    - target: {fileID: 4881219549829884, guid: 6935dcc37234ac54488e1533f31ab1c0, type: 2}
      propertyPath: m_RootOrder
      value: 1
      objectReference: {fileID: 0}
    m_RemovedComponents: []
  m_ParentPrefab: {fileID: 100100000, guid: 6935dcc37234ac54488e1533f31ab1c0, type: 2}
  m_IsPrefabParent: 0
--- !u!1001 &239658690
Prefab:
  m_ObjectHideFlags: 0
  serializedVersion: 2
  m_Modification:
    m_TransformParent: {fileID: 0}
    m_Modifications:
    - target: {fileID: 4279927251501504, guid: 316e69f22fd7bc74586952579f7d879c, type: 2}
      propertyPath: m_LocalPosition.x
      value: 0
      objectReference: {fileID: 0}
    - target: {fileID: 4279927251501504, guid: 316e69f22fd7bc74586952579f7d879c, type: 2}
      propertyPath: m_LocalPosition.y
      value: 25
      objectReference: {fileID: 0}
    - target: {fileID: 4279927251501504, guid: 316e69f22fd7bc74586952579f7d879c, type: 2}
      propertyPath: m_LocalPosition.z
      value: 9
      objectReference: {fileID: 0}
    - target: {fileID: 4279927251501504, guid: 316e69f22fd7bc74586952579f7d879c, type: 2}
      propertyPath: m_LocalRotation.x
      value: -0
      objectReference: {fileID: 0}
    - target: {fileID: 4279927251501504, guid: 316e69f22fd7bc74586952579f7d879c, type: 2}
      propertyPath: m_LocalRotation.y
      value: -0
      objectReference: {fileID: 0}
    - target: {fileID: 4279927251501504, guid: 316e69f22fd7bc74586952579f7d879c, type: 2}
      propertyPath: m_LocalRotation.z
      value: -0
      objectReference: {fileID: 0}
    - target: {fileID: 4279927251501504, guid: 316e69f22fd7bc74586952579f7d879c, type: 2}
      propertyPath: m_LocalRotation.w
      value: 1
      objectReference: {fileID: 0}
    - target: {fileID: 4279927251501504, guid: 316e69f22fd7bc74586952579f7d879c, type: 2}
      propertyPath: m_RootOrder
      value: 8
      objectReference: {fileID: 0}
    - target: {fileID: 1164748680430658, guid: 316e69f22fd7bc74586952579f7d879c, type: 2}
      propertyPath: m_Name
      value: FruitThrower
      objectReference: {fileID: 0}
    - target: {fileID: 1164748680430658, guid: 316e69f22fd7bc74586952579f7d879c, type: 2}
      propertyPath: m_Icon
      value: 
      objectReference: {fileID: 5721338939258241955, guid: 0000000000000000d000000000000000,
        type: 0}
    - target: {fileID: 1164748680430658, guid: 316e69f22fd7bc74586952579f7d879c, type: 2}
      propertyPath: m_IsActive
      value: 1
      objectReference: {fileID: 0}
    m_RemovedComponents: []
  m_ParentPrefab: {fileID: 100100000, guid: 316e69f22fd7bc74586952579f7d879c, type: 2}
  m_IsPrefabParent: 0
--- !u!1 &239658691 stripped
GameObject:
  m_PrefabParentObject: {fileID: 1164748680430658, guid: 316e69f22fd7bc74586952579f7d879c,
    type: 2}
  m_PrefabInternal: {fileID: 239658690}
--- !u!1001 &249322644
Prefab:
  m_ObjectHideFlags: 0
  serializedVersion: 2
  m_Modification:
    m_TransformParent: {fileID: 1913618623}
    m_Modifications:
    - target: {fileID: 224639820671479386, guid: 4590b5b1327e264468783a066ad5b903,
        type: 2}
      propertyPath: m_LocalPosition.x
      value: 0
      objectReference: {fileID: 0}
    - target: {fileID: 224639820671479386, guid: 4590b5b1327e264468783a066ad5b903,
        type: 2}
      propertyPath: m_LocalPosition.y
      value: 0
      objectReference: {fileID: 0}
    - target: {fileID: 224639820671479386, guid: 4590b5b1327e264468783a066ad5b903,
        type: 2}
      propertyPath: m_LocalPosition.z
      value: 0
      objectReference: {fileID: 0}
    - target: {fileID: 224639820671479386, guid: 4590b5b1327e264468783a066ad5b903,
        type: 2}
      propertyPath: m_LocalRotation.x
      value: -0
      objectReference: {fileID: 0}
    - target: {fileID: 224639820671479386, guid: 4590b5b1327e264468783a066ad5b903,
        type: 2}
      propertyPath: m_LocalRotation.y
      value: -0
      objectReference: {fileID: 0}
    - target: {fileID: 224639820671479386, guid: 4590b5b1327e264468783a066ad5b903,
        type: 2}
      propertyPath: m_LocalRotation.z
      value: -0
      objectReference: {fileID: 0}
    - target: {fileID: 224639820671479386, guid: 4590b5b1327e264468783a066ad5b903,
        type: 2}
      propertyPath: m_LocalRotation.w
      value: 1
      objectReference: {fileID: 0}
    - target: {fileID: 224639820671479386, guid: 4590b5b1327e264468783a066ad5b903,
        type: 2}
      propertyPath: m_RootOrder
      value: 2
      objectReference: {fileID: 0}
    - target: {fileID: 224639820671479386, guid: 4590b5b1327e264468783a066ad5b903,
        type: 2}
      propertyPath: m_AnchoredPosition.x
      value: 0
      objectReference: {fileID: 0}
    - target: {fileID: 224639820671479386, guid: 4590b5b1327e264468783a066ad5b903,
        type: 2}
      propertyPath: m_AnchoredPosition.y
      value: 147
      objectReference: {fileID: 0}
    - target: {fileID: 224639820671479386, guid: 4590b5b1327e264468783a066ad5b903,
        type: 2}
      propertyPath: m_SizeDelta.x
      value: 800
      objectReference: {fileID: 0}
    - target: {fileID: 224639820671479386, guid: 4590b5b1327e264468783a066ad5b903,
        type: 2}
      propertyPath: m_SizeDelta.y
      value: 277.2
      objectReference: {fileID: 0}
    - target: {fileID: 224639820671479386, guid: 4590b5b1327e264468783a066ad5b903,
        type: 2}
      propertyPath: m_AnchorMin.x
      value: 0.5
      objectReference: {fileID: 0}
    - target: {fileID: 224639820671479386, guid: 4590b5b1327e264468783a066ad5b903,
        type: 2}
      propertyPath: m_AnchorMin.y
      value: 0
      objectReference: {fileID: 0}
    - target: {fileID: 224639820671479386, guid: 4590b5b1327e264468783a066ad5b903,
        type: 2}
      propertyPath: m_AnchorMax.x
      value: 0.5
      objectReference: {fileID: 0}
    - target: {fileID: 224639820671479386, guid: 4590b5b1327e264468783a066ad5b903,
        type: 2}
      propertyPath: m_AnchorMax.y
      value: 0
      objectReference: {fileID: 0}
    - target: {fileID: 224639820671479386, guid: 4590b5b1327e264468783a066ad5b903,
        type: 2}
      propertyPath: m_Pivot.x
      value: 0.5
      objectReference: {fileID: 0}
    - target: {fileID: 224639820671479386, guid: 4590b5b1327e264468783a066ad5b903,
        type: 2}
      propertyPath: m_Pivot.y
      value: 0.5
      objectReference: {fileID: 0}
    - target: {fileID: 114111277545495544, guid: 4590b5b1327e264468783a066ad5b903,
        type: 2}
      propertyPath: m_havePropertiesChanged
      value: 1
      objectReference: {fileID: 0}
    - target: {fileID: 114111277545495544, guid: 4590b5b1327e264468783a066ad5b903,
        type: 2}
      propertyPath: m_isInputParsingRequired
      value: 1
      objectReference: {fileID: 0}
    - target: {fileID: 114030942319599606, guid: 4590b5b1327e264468783a066ad5b903,
        type: 2}
      propertyPath: m_havePropertiesChanged
      value: 1
      objectReference: {fileID: 0}
    - target: {fileID: 114030942319599606, guid: 4590b5b1327e264468783a066ad5b903,
        type: 2}
      propertyPath: m_isInputParsingRequired
      value: 1
      objectReference: {fileID: 0}
    - target: {fileID: 114180930511594944, guid: 4590b5b1327e264468783a066ad5b903,
        type: 2}
      propertyPath: m_havePropertiesChanged
      value: 1
      objectReference: {fileID: 0}
    - target: {fileID: 114180930511594944, guid: 4590b5b1327e264468783a066ad5b903,
        type: 2}
      propertyPath: m_isInputParsingRequired
      value: 1
      objectReference: {fileID: 0}
    - target: {fileID: 114681901258058466, guid: 4590b5b1327e264468783a066ad5b903,
        type: 2}
      propertyPath: m_havePropertiesChanged
      value: 1
      objectReference: {fileID: 0}
    - target: {fileID: 114681901258058466, guid: 4590b5b1327e264468783a066ad5b903,
        type: 2}
      propertyPath: m_isInputParsingRequired
      value: 1
      objectReference: {fileID: 0}
    - target: {fileID: 224001855822521180, guid: 4590b5b1327e264468783a066ad5b903,
        type: 2}
      propertyPath: m_AnchoredPosition.x
      value: 43
      objectReference: {fileID: 0}
    - target: {fileID: 224110425637813810, guid: 4590b5b1327e264468783a066ad5b903,
        type: 2}
      propertyPath: m_LocalPosition.z
      value: 0
      objectReference: {fileID: 0}
    - target: {fileID: 224110425637813810, guid: 4590b5b1327e264468783a066ad5b903,
        type: 2}
      propertyPath: m_AnchoredPosition.x
      value: 2
      objectReference: {fileID: 0}
    - target: {fileID: 224110425637813810, guid: 4590b5b1327e264468783a066ad5b903,
        type: 2}
      propertyPath: m_AnchoredPosition.y
      value: -1
      objectReference: {fileID: 0}
    - target: {fileID: 114111277545495544, guid: 4590b5b1327e264468783a066ad5b903,
        type: 2}
      propertyPath: m_margin.y
      value: -9.009896
      objectReference: {fileID: 0}
    - target: {fileID: 114111277545495544, guid: 4590b5b1327e264468783a066ad5b903,
        type: 2}
      propertyPath: m_margin.w
      value: -7.980412
      objectReference: {fileID: 0}
    - target: {fileID: 114111277545495544, guid: 4590b5b1327e264468783a066ad5b903,
        type: 2}
      propertyPath: m_textAlignment
      value: 514
      objectReference: {fileID: 0}
    m_RemovedComponents: []
  m_ParentPrefab: {fileID: 100100000, guid: 4590b5b1327e264468783a066ad5b903, type: 2}
  m_IsPrefabParent: 0
--- !u!1 &322184366 stripped
GameObject:
  m_PrefabParentObject: {fileID: 1586608663855400, guid: 8c6afa226a481104b93ceeb203166441,
    type: 2}
  m_PrefabInternal: {fileID: 1717179077}
--- !u!224 &322184367 stripped
RectTransform:
  m_PrefabParentObject: {fileID: 224354175707516716, guid: 8c6afa226a481104b93ceeb203166441,
    type: 2}
  m_PrefabInternal: {fileID: 1717179077}
--- !u!224 &533575806 stripped
RectTransform:
  m_PrefabParentObject: {fileID: 224911308081172000, guid: d0219232011464e4da291a05723c834f,
    type: 2}
  m_PrefabInternal: {fileID: 2057013387}
--- !u!1 &590303581
GameObject:
  m_ObjectHideFlags: 0
  m_PrefabParentObject: {fileID: 0}
  m_PrefabInternal: {fileID: 0}
  serializedVersion: 5
  m_Component:
  - component: {fileID: 590303584}
  - component: {fileID: 590303583}
  - component: {fileID: 590303582}
  m_Layer: 0
  m_Name: EventSystem
  m_TagString: Untagged
  m_Icon: {fileID: 0}
  m_NavMeshLayer: 0
  m_StaticEditorFlags: 0
  m_IsActive: 1
--- !u!114 &590303582
MonoBehaviour:
  m_ObjectHideFlags: 0
  m_PrefabParentObject: {fileID: 0}
  m_PrefabInternal: {fileID: 0}
  m_GameObject: {fileID: 590303581}
  m_Enabled: 1
  m_EditorHideFlags: 0
  m_Script: {fileID: 1077351063, guid: f70555f144d8491a825f0804e09c671c, type: 3}
  m_Name: 
  m_EditorClassIdentifier: 
  m_HorizontalAxis: Horizontal
  m_VerticalAxis: Vertical
  m_SubmitButton: Submit
  m_CancelButton: Cancel
  m_InputActionsPerSecond: 10
  m_RepeatDelay: 0.5
  m_ForceModuleActive: 0
--- !u!114 &590303583
MonoBehaviour:
  m_ObjectHideFlags: 0
  m_PrefabParentObject: {fileID: 0}
  m_PrefabInternal: {fileID: 0}
  m_GameObject: {fileID: 590303581}
  m_Enabled: 1
  m_EditorHideFlags: 0
  m_Script: {fileID: -619905303, guid: f70555f144d8491a825f0804e09c671c, type: 3}
  m_Name: 
  m_EditorClassIdentifier: 
  m_FirstSelected: {fileID: 0}
  m_sendNavigationEvents: 1
  m_DragThreshold: 5
--- !u!4 &590303584
Transform:
  m_ObjectHideFlags: 0
  m_PrefabParentObject: {fileID: 0}
  m_PrefabInternal: {fileID: 0}
  m_GameObject: {fileID: 590303581}
  m_LocalRotation: {x: 0, y: 0, z: 0, w: 1}
  m_LocalPosition: {x: 0, y: 0, z: 0}
  m_LocalScale: {x: 1, y: 1, z: 1}
  m_Children: []
  m_Father: {fileID: 0}
  m_RootOrder: 5
  m_LocalEulerAnglesHint: {x: 0, y: 0, z: 0}
--- !u!1 &616115484
GameObject:
  m_ObjectHideFlags: 0
  m_PrefabParentObject: {fileID: 0}
  m_PrefabInternal: {fileID: 0}
  serializedVersion: 5
  m_Component:
  - component: {fileID: 616115486}
  - component: {fileID: 616115485}
  m_Layer: 0
  m_Name: Directional Light
  m_TagString: Untagged
  m_Icon: {fileID: 0}
  m_NavMeshLayer: 0
  m_StaticEditorFlags: 0
  m_IsActive: 1
--- !u!108 &616115485
Light:
  m_ObjectHideFlags: 0
  m_PrefabParentObject: {fileID: 0}
  m_PrefabInternal: {fileID: 0}
  m_GameObject: {fileID: 616115484}
  m_Enabled: 1
  serializedVersion: 8
  m_Type: 1
  m_Color: {r: 1, g: 0.95686275, b: 0.8392157, a: 1}
  m_Intensity: 1
  m_Range: 10
  m_SpotAngle: 30
  m_CookieSize: 10
  m_Shadows:
    m_Type: 2
    m_Resolution: -1
    m_CustomResolution: -1
    m_Strength: 1
    m_Bias: 0.05
    m_NormalBias: 0.4
    m_NearPlane: 0.2
  m_Cookie: {fileID: 0}
  m_DrawHalo: 0
  m_Flare: {fileID: 0}
  m_RenderMode: 0
  m_CullingMask:
    serializedVersion: 2
    m_Bits: 4294967295
  m_Lightmapping: 4
  m_AreaSize: {x: 1, y: 1}
  m_BounceIntensity: 1
  m_ColorTemperature: 6570
  m_UseColorTemperature: 0
  m_ShadowRadius: 0
  m_ShadowAngle: 0
--- !u!4 &616115486
Transform:
  m_ObjectHideFlags: 0
  m_PrefabParentObject: {fileID: 0}
  m_PrefabInternal: {fileID: 0}
  m_GameObject: {fileID: 616115484}
  m_LocalRotation: {x: 0.40821788, y: -0.23456968, z: 0.10938163, w: 0.8754261}
  m_LocalPosition: {x: 0, y: 3, z: 0}
  m_LocalScale: {x: 1, y: 1, z: 1}
  m_Children: []
  m_Father: {fileID: 0}
  m_RootOrder: 0
  m_LocalEulerAnglesHint: {x: 50, y: -30, z: 0}
--- !u!1 &872945972 stripped
GameObject:
  m_PrefabParentObject: {fileID: 1909755463953088, guid: 4590b5b1327e264468783a066ad5b903,
    type: 2}
  m_PrefabInternal: {fileID: 249322644}
--- !u!224 &872945973 stripped
RectTransform:
  m_PrefabParentObject: {fileID: 224639820671479386, guid: 4590b5b1327e264468783a066ad5b903,
    type: 2}
  m_PrefabInternal: {fileID: 249322644}
--- !u!1 &992758475
GameObject:
  m_ObjectHideFlags: 0
  m_PrefabParentObject: {fileID: 0}
  m_PrefabInternal: {fileID: 0}
  serializedVersion: 5
  m_Component:
  - component: {fileID: 992758477}
  - component: {fileID: 992758476}
  m_Layer: 0
  m_Name: SceneController
  m_TagString: Untagged
  m_Icon: {fileID: 0}
  m_NavMeshLayer: 0
  m_StaticEditorFlags: 0
  m_IsActive: 1
--- !u!114 &992758476
MonoBehaviour:
  m_ObjectHideFlags: 0
  m_PrefabParentObject: {fileID: 0}
  m_PrefabInternal: {fileID: 0}
  m_GameObject: {fileID: 992758475}
  m_Enabled: 1
  m_EditorHideFlags: 0
  m_Script: {fileID: 11500000, guid: b09db6e3f622d794e8bc3923210b4f8d, type: 3}
  m_Name: 
  m_EditorClassIdentifier: 
  targetCharacter: 0
  instance: {fileID: 0}
--- !u!4 &992758477
Transform:
  m_ObjectHideFlags: 0
  m_PrefabParentObject: {fileID: 0}
  m_PrefabInternal: {fileID: 0}
  m_GameObject: {fileID: 992758475}
  m_LocalRotation: {x: 0, y: 0, z: 0, w: 1}
  m_LocalPosition: {x: 400.0025, y: 215.00003, z: 0}
  m_LocalScale: {x: 1, y: 1, z: 1}
  m_Children: []
  m_Father: {fileID: 0}
  m_RootOrder: 6
  m_LocalEulerAnglesHint: {x: 0, y: 0, z: 0}
--- !u!1 &1010048925
GameObject:
  m_ObjectHideFlags: 0
  m_PrefabParentObject: {fileID: 0}
  m_PrefabInternal: {fileID: 0}
  serializedVersion: 5
  m_Component:
  - component: {fileID: 1010048927}
  - component: {fileID: 1010048926}
  m_Layer: 0
  m_Name: NumberThrower
  m_TagString: Untagged
  m_Icon: {fileID: 0}
  m_NavMeshLayer: 0
  m_StaticEditorFlags: 0
  m_IsActive: 1
--- !u!114 &1010048926
MonoBehaviour:
  m_ObjectHideFlags: 0
  m_PrefabParentObject: {fileID: 0}
  m_PrefabInternal: {fileID: 0}
  m_GameObject: {fileID: 1010048925}
  m_Enabled: 1
  m_EditorHideFlags: 0
  m_Script: {fileID: 11500000, guid: c20a665054b690842bf4f52c65f5d324, type: 3}
  m_Name: 
  m_EditorClassIdentifier: 
  levelPanel: {fileID: 0}
  LevelGameOverPanel: {fileID: 0}
  mask:
    serializedVersion: 2
    m_Bits: 1024
  characterDialogsByLevel: []
  prefabsfruitsToThrow:
  - name: number
    amountToPick: 0
    prefab: {fileID: 1298486590216188, guid: 73b47eb703372364a8425e351c6dbfdb, type: 2}
    imagePrefab: {fileID: 0}
    imagePrefabGrey: {fileID: 0}
    canPick: 0
    challengeOrder: 0
  prefabsEnemiesfruits:
  - name: bomba
    amountToPick: 0
    prefab: {fileID: 1133036639460462, guid: 5d75b54d478bb5c4d94f13a5b5cc70ad, type: 2}
    imagePrefab: {fileID: 0}
    imagePrefabGrey: {fileID: 0}
    canPick: 0
    challengeOrder: 0
  timeBar:
  - {fileID: 21300000, guid: 92479ca0e035f0041b9e3ba56554283a, type: 3}
  ListNumberPicked: 
  scoreByFruit: {fileID: 0}
  canplay: 0
  maxLevel: 0
  timeValue: 0
  specialButtonValue: 0
  criticalHealth: 0
  collisionEffectTime: 0
  fallSpeed: 0
  minApearingInterval: 0
  maxApearingInterval: 0
  level: 0
--- !u!4 &1010048927
Transform:
  m_ObjectHideFlags: 0
  m_PrefabParentObject: {fileID: 0}
  m_PrefabInternal: {fileID: 0}
  m_GameObject: {fileID: 1010048925}
  m_LocalRotation: {x: 0, y: 0, z: 0, w: 1}
  m_LocalPosition: {x: 0, y: 25, z: 9}
  m_LocalScale: {x: 1, y: 1, z: 1}
  m_Children: []
  m_Father: {fileID: 0}
  m_RootOrder: 9
  m_LocalEulerAnglesHint: {x: 0, y: 0, z: 0}
--- !u!1 &1143317496
GameObject:
  m_ObjectHideFlags: 0
  m_PrefabParentObject: {fileID: 0}
  m_PrefabInternal: {fileID: 0}
  serializedVersion: 5
  m_Component:
  - component: {fileID: 1143317497}
  - component: {fileID: 1143317499}
  - component: {fileID: 1143317498}
  m_Layer: 5
  m_Name: Background
  m_TagString: Untagged
  m_Icon: {fileID: 0}
  m_NavMeshLayer: 0
  m_StaticEditorFlags: 0
  m_IsActive: 1
--- !u!224 &1143317497
RectTransform:
  m_ObjectHideFlags: 0
  m_PrefabParentObject: {fileID: 0}
  m_PrefabInternal: {fileID: 0}
  m_GameObject: {fileID: 1143317496}
  m_LocalRotation: {x: 0, y: 0, z: 0, w: 1}
  m_LocalPosition: {x: 0, y: 0, z: 0}
  m_LocalScale: {x: 2, y: 3, z: 1}
  m_Children: []
  m_Father: {fileID: 1913618623}
  m_RootOrder: 0
  m_LocalEulerAnglesHint: {x: 0, y: 0, z: 0}
  m_AnchorMin: {x: 0, y: 0}
  m_AnchorMax: {x: 1, y: 1}
  m_AnchoredPosition: {x: 0, y: 26}
  m_SizeDelta: {x: 0, y: -780}
  m_Pivot: {x: 0.5, y: 0.5}
--- !u!114 &1143317498
MonoBehaviour:
  m_ObjectHideFlags: 0
  m_PrefabParentObject: {fileID: 0}
  m_PrefabInternal: {fileID: 0}
  m_GameObject: {fileID: 1143317496}
  m_Enabled: 1
  m_EditorHideFlags: 0
  m_Script: {fileID: -765806418, guid: f70555f144d8491a825f0804e09c671c, type: 3}
  m_Name: 
  m_EditorClassIdentifier: 
  m_Material: {fileID: 0}
  m_Color: {r: 1, g: 1, b: 1, a: 1}
  m_RaycastTarget: 1
  m_OnCullStateChanged:
    m_PersistentCalls:
      m_Calls: []
    m_TypeName: UnityEngine.UI.MaskableGraphic+CullStateChangedEvent, UnityEngine.UI,
      Version=1.0.0.0, Culture=neutral, PublicKeyToken=null
  m_Sprite: {fileID: 21300000, guid: 6a589feb1f3daf14287a219515330563, type: 3}
  m_Type: 0
  m_PreserveAspect: 1
  m_FillCenter: 1
  m_FillMethod: 4
  m_FillAmount: 1
  m_FillClockwise: 1
  m_FillOrigin: 0
--- !u!222 &1143317499
CanvasRenderer:
  m_ObjectHideFlags: 0
  m_PrefabParentObject: {fileID: 0}
  m_PrefabInternal: {fileID: 0}
  m_GameObject: {fileID: 1143317496}
--- !u!1001 &1363065921
Prefab:
  m_ObjectHideFlags: 0
  serializedVersion: 2
  m_Modification:
    m_TransformParent: {fileID: 0}
    m_Modifications:
    - target: {fileID: 114360646738873000, guid: ae78e43ddb994f54ba971aac6c072b68,
        type: 2}
      propertyPath: GameList.Array.size
      value: 2
      objectReference: {fileID: 0}
    - target: {fileID: 4912723415122658, guid: ae78e43ddb994f54ba971aac6c072b68, type: 2}
      propertyPath: m_LocalPosition.x
      value: 0
      objectReference: {fileID: 0}
    - target: {fileID: 4912723415122658, guid: ae78e43ddb994f54ba971aac6c072b68, type: 2}
      propertyPath: m_LocalPosition.y
      value: 0
      objectReference: {fileID: 0}
    - target: {fileID: 4912723415122658, guid: ae78e43ddb994f54ba971aac6c072b68, type: 2}
      propertyPath: m_LocalPosition.z
      value: 477
      objectReference: {fileID: 0}
    - target: {fileID: 4912723415122658, guid: ae78e43ddb994f54ba971aac6c072b68, type: 2}
      propertyPath: m_LocalRotation.x
      value: 0
      objectReference: {fileID: 0}
    - target: {fileID: 4912723415122658, guid: ae78e43ddb994f54ba971aac6c072b68, type: 2}
      propertyPath: m_LocalRotation.y
      value: 0
      objectReference: {fileID: 0}
    - target: {fileID: 4912723415122658, guid: ae78e43ddb994f54ba971aac6c072b68, type: 2}
      propertyPath: m_LocalRotation.z
      value: 0
      objectReference: {fileID: 0}
    - target: {fileID: 4912723415122658, guid: ae78e43ddb994f54ba971aac6c072b68, type: 2}
      propertyPath: m_LocalRotation.w
      value: 1
      objectReference: {fileID: 0}
    - target: {fileID: 4912723415122658, guid: ae78e43ddb994f54ba971aac6c072b68, type: 2}
      propertyPath: m_RootOrder
      value: 10
      objectReference: {fileID: 0}
    - target: {fileID: 114360646738873000, guid: ae78e43ddb994f54ba971aac6c072b68,
        type: 2}
      propertyPath: imgBackground
      value: 
      objectReference: {fileID: 1143317498}
    - target: {fileID: 114360646738873000, guid: ae78e43ddb994f54ba971aac6c072b68,
        type: 2}
      propertyPath: goTopPanel
      value: 
      objectReference: {fileID: 322184366}
    - target: {fileID: 114360646738873000, guid: ae78e43ddb994f54ba971aac6c072b68,
        type: 2}
      propertyPath: goBottonPanel
      value: 
      objectReference: {fileID: 872945972}
    - target: {fileID: 114360646738873000, guid: ae78e43ddb994f54ba971aac6c072b68,
        type: 2}
      propertyPath: GameList.Array.data[1].name
      value: NumberGame
      objectReference: {fileID: 0}
    - target: {fileID: 114360646738873000, guid: ae78e43ddb994f54ba971aac6c072b68,
        type: 2}
      propertyPath: GameList.Array.data[1].gravityScale
      value: 1
      objectReference: {fileID: 0}
    - target: {fileID: 114360646738873000, guid: ae78e43ddb994f54ba971aac6c072b68,
        type: 2}
      propertyPath: GameList.Array.data[1].scoreToWin
      value: 20
      objectReference: {fileID: 0}
    - target: {fileID: 114360646738873000, guid: ae78e43ddb994f54ba971aac6c072b68,
        type: 2}
      propertyPath: GameList.Array.data[1].objectController
      value: 
      objectReference: {fileID: 1010048925}
    - target: {fileID: 114360646738873000, guid: ae78e43ddb994f54ba971aac6c072b68,
        type: 2}
      propertyPath: GameList.Array.data[0].objectController
      value: 
      objectReference: {fileID: 239658691}
    m_RemovedComponents: []
  m_ParentPrefab: {fileID: 100100000, guid: ae78e43ddb994f54ba971aac6c072b68, type: 2}
  m_IsPrefabParent: 0
--- !u!1001 &1466012671
Prefab:
  m_ObjectHideFlags: 0
  serializedVersion: 2
  m_Modification:
    m_TransformParent: {fileID: 0}
    m_Modifications:
    - target: {fileID: 224761175276315664, guid: 2f67b6205129e94448d7e3338dc5b141,
        type: 2}
      propertyPath: m_LocalPosition.x
      value: 0
      objectReference: {fileID: 0}
    - target: {fileID: 224761175276315664, guid: 2f67b6205129e94448d7e3338dc5b141,
        type: 2}
      propertyPath: m_LocalPosition.y
      value: 0
      objectReference: {fileID: 0}
    - target: {fileID: 224761175276315664, guid: 2f67b6205129e94448d7e3338dc5b141,
        type: 2}
      propertyPath: m_LocalPosition.z
      value: 0
      objectReference: {fileID: 0}
    - target: {fileID: 224761175276315664, guid: 2f67b6205129e94448d7e3338dc5b141,
        type: 2}
      propertyPath: m_LocalRotation.x
      value: -0
      objectReference: {fileID: 0}
    - target: {fileID: 224761175276315664, guid: 2f67b6205129e94448d7e3338dc5b141,
        type: 2}
      propertyPath: m_LocalRotation.y
      value: -0
      objectReference: {fileID: 0}
    - target: {fileID: 224761175276315664, guid: 2f67b6205129e94448d7e3338dc5b141,
        type: 2}
      propertyPath: m_LocalRotation.z
      value: -0
      objectReference: {fileID: 0}
    - target: {fileID: 224761175276315664, guid: 2f67b6205129e94448d7e3338dc5b141,
        type: 2}
      propertyPath: m_LocalRotation.w
      value: 1
      objectReference: {fileID: 0}
    - target: {fileID: 224761175276315664, guid: 2f67b6205129e94448d7e3338dc5b141,
        type: 2}
      propertyPath: m_RootOrder
      value: 2
      objectReference: {fileID: 0}
    - target: {fileID: 224761175276315664, guid: 2f67b6205129e94448d7e3338dc5b141,
        type: 2}
      propertyPath: m_AnchoredPosition.x
      value: 0
      objectReference: {fileID: 0}
    - target: {fileID: 224761175276315664, guid: 2f67b6205129e94448d7e3338dc5b141,
        type: 2}
      propertyPath: m_AnchoredPosition.y
      value: 0
      objectReference: {fileID: 0}
    - target: {fileID: 224761175276315664, guid: 2f67b6205129e94448d7e3338dc5b141,
        type: 2}
      propertyPath: m_SizeDelta.x
      value: 1280
      objectReference: {fileID: 0}
    - target: {fileID: 224761175276315664, guid: 2f67b6205129e94448d7e3338dc5b141,
        type: 2}
      propertyPath: m_SizeDelta.y
      value: 800
      objectReference: {fileID: 0}
    - target: {fileID: 224761175276315664, guid: 2f67b6205129e94448d7e3338dc5b141,
        type: 2}
      propertyPath: m_AnchorMin.x
      value: 0
      objectReference: {fileID: 0}
    - target: {fileID: 224761175276315664, guid: 2f67b6205129e94448d7e3338dc5b141,
        type: 2}
      propertyPath: m_AnchorMin.y
      value: 0
      objectReference: {fileID: 0}
    - target: {fileID: 224761175276315664, guid: 2f67b6205129e94448d7e3338dc5b141,
        type: 2}
      propertyPath: m_AnchorMax.x
      value: 0
      objectReference: {fileID: 0}
    - target: {fileID: 224761175276315664, guid: 2f67b6205129e94448d7e3338dc5b141,
        type: 2}
      propertyPath: m_AnchorMax.y
      value: 0
      objectReference: {fileID: 0}
    - target: {fileID: 224761175276315664, guid: 2f67b6205129e94448d7e3338dc5b141,
        type: 2}
      propertyPath: m_Pivot.x
      value: 0.5
      objectReference: {fileID: 0}
    - target: {fileID: 224761175276315664, guid: 2f67b6205129e94448d7e3338dc5b141,
        type: 2}
      propertyPath: m_Pivot.y
      value: 0.5
      objectReference: {fileID: 0}
    m_RemovedComponents: []
  m_ParentPrefab: {fileID: 100100000, guid: 2f67b6205129e94448d7e3338dc5b141, type: 2}
  m_IsPrefabParent: 0
--- !u!1 &1640442710
GameObject:
  m_ObjectHideFlags: 0
  m_PrefabParentObject: {fileID: 0}
  m_PrefabInternal: {fileID: 0}
  serializedVersion: 5
  m_Component:
  - component: {fileID: 1640442711}
  m_Layer: 0
  m_Name: Pivot
  m_TagString: Untagged
  m_Icon: {fileID: 0}
  m_NavMeshLayer: 0
  m_StaticEditorFlags: 0
  m_IsActive: 1
--- !u!4 &1640442711
Transform:
  m_ObjectHideFlags: 0
  m_PrefabParentObject: {fileID: 0}
  m_PrefabInternal: {fileID: 0}
  m_GameObject: {fileID: 1640442710}
  m_LocalRotation: {x: 0, y: 0, z: 0, w: 1}
  m_LocalPosition: {x: 0, y: 7.18, z: 0}
  m_LocalScale: {x: 1, y: 1, z: 1}
  m_Children:
  - {fileID: 1858564673}
  m_Father: {fileID: 0}
  m_RootOrder: 4
  m_LocalEulerAnglesHint: {x: 0, y: 0, z: 0}
--- !u!1001 &1717179077
Prefab:
  m_ObjectHideFlags: 0
  serializedVersion: 2
  m_Modification:
    m_TransformParent: {fileID: 1913618623}
    m_Modifications:
    - target: {fileID: 224354175707516716, guid: 8c6afa226a481104b93ceeb203166441,
        type: 2}
      propertyPath: m_LocalPosition.x
      value: 0
      objectReference: {fileID: 0}
    - target: {fileID: 224354175707516716, guid: 8c6afa226a481104b93ceeb203166441,
        type: 2}
      propertyPath: m_LocalPosition.y
      value: 0
      objectReference: {fileID: 0}
    - target: {fileID: 224354175707516716, guid: 8c6afa226a481104b93ceeb203166441,
        type: 2}
      propertyPath: m_LocalPosition.z
      value: 0
      objectReference: {fileID: 0}
    - target: {fileID: 224354175707516716, guid: 8c6afa226a481104b93ceeb203166441,
        type: 2}
      propertyPath: m_LocalRotation.x
      value: 0
      objectReference: {fileID: 0}
    - target: {fileID: 224354175707516716, guid: 8c6afa226a481104b93ceeb203166441,
        type: 2}
      propertyPath: m_LocalRotation.y
      value: 0
      objectReference: {fileID: 0}
    - target: {fileID: 224354175707516716, guid: 8c6afa226a481104b93ceeb203166441,
        type: 2}
      propertyPath: m_LocalRotation.z
      value: 0
      objectReference: {fileID: 0}
    - target: {fileID: 224354175707516716, guid: 8c6afa226a481104b93ceeb203166441,
        type: 2}
      propertyPath: m_LocalRotation.w
      value: 1
      objectReference: {fileID: 0}
    - target: {fileID: 224354175707516716, guid: 8c6afa226a481104b93ceeb203166441,
        type: 2}
      propertyPath: m_RootOrder
      value: 1
      objectReference: {fileID: 0}
    - target: {fileID: 224354175707516716, guid: 8c6afa226a481104b93ceeb203166441,
        type: 2}
      propertyPath: m_AnchoredPosition.x
      value: -7
      objectReference: {fileID: 0}
    - target: {fileID: 224354175707516716, guid: 8c6afa226a481104b93ceeb203166441,
        type: 2}
      propertyPath: m_AnchoredPosition.y
      value: 381.99988
      objectReference: {fileID: 0}
    - target: {fileID: 224354175707516716, guid: 8c6afa226a481104b93ceeb203166441,
        type: 2}
      propertyPath: m_SizeDelta.x
      value: 0
      objectReference: {fileID: 0}
    - target: {fileID: 224354175707516716, guid: 8c6afa226a481104b93ceeb203166441,
        type: 2}
      propertyPath: m_SizeDelta.y
      value: -1127.8
      objectReference: {fileID: 0}
    - target: {fileID: 224354175707516716, guid: 8c6afa226a481104b93ceeb203166441,
        type: 2}
      propertyPath: m_AnchorMin.x
      value: 0
      objectReference: {fileID: 0}
    - target: {fileID: 224354175707516716, guid: 8c6afa226a481104b93ceeb203166441,
        type: 2}
      propertyPath: m_AnchorMin.y
      value: 0
      objectReference: {fileID: 0}
    - target: {fileID: 224354175707516716, guid: 8c6afa226a481104b93ceeb203166441,
        type: 2}
      propertyPath: m_AnchorMax.x
      value: 1
      objectReference: {fileID: 0}
    - target: {fileID: 224354175707516716, guid: 8c6afa226a481104b93ceeb203166441,
        type: 2}
      propertyPath: m_AnchorMax.y
      value: 1
      objectReference: {fileID: 0}
    - target: {fileID: 224354175707516716, guid: 8c6afa226a481104b93ceeb203166441,
        type: 2}
      propertyPath: m_Pivot.x
      value: 0.5
      objectReference: {fileID: 0}
    - target: {fileID: 224354175707516716, guid: 8c6afa226a481104b93ceeb203166441,
        type: 2}
      propertyPath: m_Pivot.y
      value: 0.5
      objectReference: {fileID: 0}
    m_RemovedComponents: []
  m_ParentPrefab: {fileID: 100100000, guid: 8c6afa226a481104b93ceeb203166441, type: 2}
  m_IsPrefabParent: 0
--- !u!1 &1858564668
GameObject:
  m_ObjectHideFlags: 0
  m_PrefabParentObject: {fileID: 0}
  m_PrefabInternal: {fileID: 0}
  serializedVersion: 5
  m_Component:
  - component: {fileID: 1858564673}
  - component: {fileID: 1858564672}
  - component: {fileID: 1858564671}
  - component: {fileID: 1858564670}
  - component: {fileID: 1858564669}
  - component: {fileID: 1858564674}
  m_Layer: 0
  m_Name: Camera
  m_TagString: MainCamera
  m_Icon: {fileID: 0}
  m_NavMeshLayer: 0
  m_StaticEditorFlags: 0
  m_IsActive: 1
--- !u!81 &1858564669
AudioListener:
  m_ObjectHideFlags: 0
  m_PrefabParentObject: {fileID: 0}
  m_PrefabInternal: {fileID: 0}
  m_GameObject: {fileID: 1858564668}
  m_Enabled: 1
--- !u!92 &1858564670
Behaviour:
  m_ObjectHideFlags: 0
  m_PrefabParentObject: {fileID: 0}
  m_PrefabInternal: {fileID: 0}
  m_GameObject: {fileID: 1858564668}
  m_Enabled: 1
--- !u!124 &1858564671
Behaviour:
  m_ObjectHideFlags: 0
  m_PrefabParentObject: {fileID: 0}
  m_PrefabInternal: {fileID: 0}
  m_GameObject: {fileID: 1858564668}
  m_Enabled: 1
--- !u!20 &1858564672
Camera:
  m_ObjectHideFlags: 0
  m_PrefabParentObject: {fileID: 0}
  m_PrefabInternal: {fileID: 0}
  m_GameObject: {fileID: 1858564668}
  m_Enabled: 1
  serializedVersion: 2
  m_ClearFlags: 2
  m_BackGroundColor: {r: 0, g: 0, b: 0, a: 0}
  m_NormalizedViewPortRect:
    serializedVersion: 2
    x: 0
    y: 0
    width: 1
    height: 1
  near clip plane: 0.3
  far clip plane: 1000
  field of view: 60
  orthographic: 0
  orthographic size: 5
  m_Depth: 5
  m_CullingMask:
    serializedVersion: 2
    m_Bits: 4294967039
  m_RenderingPath: -1
  m_TargetTexture: {fileID: 0}
  m_TargetDisplay: 0
  m_TargetEye: 3
  m_HDR: 1
  m_AllowMSAA: 1
  m_ForceIntoRT: 0
  m_OcclusionCulling: 1
  m_StereoConvergence: 10
  m_StereoSeparation: 0.022
  m_StereoMirrorMode: 0
--- !u!4 &1858564673
Transform:
  m_ObjectHideFlags: 0
  m_PrefabParentObject: {fileID: 0}
  m_PrefabInternal: {fileID: 0}
  m_GameObject: {fileID: 1858564668}
  m_LocalRotation: {x: -0, y: -0, z: -0, w: 1}
  m_LocalPosition: {x: 0, y: 0, z: -16.05}
  m_LocalScale: {x: 1, y: 1, z: 1}
  m_Children: []
  m_Father: {fileID: 1640442711}
  m_RootOrder: 0
  m_LocalEulerAnglesHint: {x: 0, y: 0, z: 0}
--- !u!114 &1858564674
MonoBehaviour:
  m_ObjectHideFlags: 0
  m_PrefabParentObject: {fileID: 0}
  m_PrefabInternal: {fileID: 0}
  m_GameObject: {fileID: 1858564668}
  m_Enabled: 1
  m_EditorHideFlags: 0
  m_Script: {fileID: 11500000, guid: d3188d33f1fe94e408f505e483e58f0e, type: 3}
  m_Name: 
  m_EditorClassIdentifier: 
--- !u!224 &1866628467 stripped
RectTransform:
  m_PrefabParentObject: {fileID: 224668283247290820, guid: 32941a8218f75d240968c85f88d0b4ff,
    type: 2}
  m_PrefabInternal: {fileID: 1930759878}
--- !u!1 &1913618619
GameObject:
  m_ObjectHideFlags: 0
  m_PrefabParentObject: {fileID: 0}
  m_PrefabInternal: {fileID: 0}
  serializedVersion: 5
  m_Component:
  - component: {fileID: 1913618623}
  - component: {fileID: 1913618622}
  - component: {fileID: 1913618621}
  - component: {fileID: 1913618620}
  m_Layer: 5
  m_Name: Canvas
  m_TagString: Untagged
  m_Icon: {fileID: 0}
  m_NavMeshLayer: 0
  m_StaticEditorFlags: 0
  m_IsActive: 1
--- !u!114 &1913618620
MonoBehaviour:
  m_ObjectHideFlags: 0
  m_PrefabParentObject: {fileID: 0}
  m_PrefabInternal: {fileID: 0}
  m_GameObject: {fileID: 1913618619}
  m_Enabled: 1
  m_EditorHideFlags: 0
  m_Script: {fileID: 1301386320, guid: f70555f144d8491a825f0804e09c671c, type: 3}
  m_Name: 
  m_EditorClassIdentifier: 
  m_IgnoreReversedGraphics: 1
  m_BlockingObjects: 0
  m_BlockingMask:
    serializedVersion: 2
    m_Bits: 4294967295
--- !u!114 &1913618621
MonoBehaviour:
  m_ObjectHideFlags: 0
  m_PrefabParentObject: {fileID: 0}
  m_PrefabInternal: {fileID: 0}
  m_GameObject: {fileID: 1913618619}
  m_Enabled: 1
  m_EditorHideFlags: 0
  m_Script: {fileID: 1980459831, guid: f70555f144d8491a825f0804e09c671c, type: 3}
  m_Name: 
  m_EditorClassIdentifier: 
  m_UiScaleMode: 1
  m_ReferencePixelsPerUnit: 100
  m_ScaleFactor: 1
  m_ReferenceResolution: {x: 800, y: 1280}
  m_ScreenMatchMode: 0
  m_MatchWidthOrHeight: 1
  m_PhysicalUnit: 3
  m_FallbackScreenDPI: 96
  m_DefaultSpriteDPI: 96
  m_DynamicPixelsPerUnit: 1
--- !u!223 &1913618622
Canvas:
  m_ObjectHideFlags: 0
  m_PrefabParentObject: {fileID: 0}
  m_PrefabInternal: {fileID: 0}
  m_GameObject: {fileID: 1913618619}
  m_Enabled: 1
  serializedVersion: 3
  m_RenderMode: 1
  m_Camera: {fileID: 1858564672}
  m_PlaneDistance: 100
  m_PixelPerfect: 0
  m_ReceivesEvents: 1
  m_OverrideSorting: 0
  m_OverridePixelPerfect: 0
  m_SortingBucketNormalizedSize: 0
  m_AdditionalShaderChannelsFlag: 25
  m_SortingLayerID: 0
  m_SortingOrder: 0
  m_TargetDisplay: 0
--- !u!224 &1913618623
RectTransform:
  m_ObjectHideFlags: 0
  m_PrefabParentObject: {fileID: 0}
  m_PrefabInternal: {fileID: 0}
  m_GameObject: {fileID: 1913618619}
  m_LocalRotation: {x: 0, y: 0, z: 0, w: 1}
  m_LocalPosition: {x: 0, y: 0, z: 0}
  m_LocalScale: {x: 0, y: 0, z: 0}
  m_Children:
  - {fileID: 1143317497}
  - {fileID: 322184367}
  - {fileID: 872945973}
  - {fileID: 1866628467}
  - {fileID: 533575806}
  m_Father: {fileID: 0}
  m_RootOrder: 3
  m_LocalEulerAnglesHint: {x: 0, y: 0, z: 0}
  m_AnchorMin: {x: 0, y: 0}
  m_AnchorMax: {x: 0, y: 0}
  m_AnchoredPosition: {x: 0, y: 0}
  m_SizeDelta: {x: 0, y: 0}
  m_Pivot: {x: 0, y: 0}
--- !u!1001 &1930759878
Prefab:
  m_ObjectHideFlags: 0
  serializedVersion: 2
  m_Modification:
    m_TransformParent: {fileID: 1913618623}
    m_Modifications:
    - target: {fileID: 224668283247290820, guid: 32941a8218f75d240968c85f88d0b4ff,
        type: 2}
      propertyPath: m_LocalPosition.x
      value: 0
      objectReference: {fileID: 0}
    - target: {fileID: 224668283247290820, guid: 32941a8218f75d240968c85f88d0b4ff,
        type: 2}
      propertyPath: m_LocalPosition.y
      value: 0
      objectReference: {fileID: 0}
    - target: {fileID: 224668283247290820, guid: 32941a8218f75d240968c85f88d0b4ff,
        type: 2}
      propertyPath: m_LocalPosition.z
      value: -1027
      objectReference: {fileID: 0}
    - target: {fileID: 224668283247290820, guid: 32941a8218f75d240968c85f88d0b4ff,
        type: 2}
      propertyPath: m_LocalRotation.x
      value: -0
      objectReference: {fileID: 0}
    - target: {fileID: 224668283247290820, guid: 32941a8218f75d240968c85f88d0b4ff,
        type: 2}
      propertyPath: m_LocalRotation.y
      value: -0
      objectReference: {fileID: 0}
    - target: {fileID: 224668283247290820, guid: 32941a8218f75d240968c85f88d0b4ff,
        type: 2}
      propertyPath: m_LocalRotation.z
      value: -0
      objectReference: {fileID: 0}
    - target: {fileID: 224668283247290820, guid: 32941a8218f75d240968c85f88d0b4ff,
        type: 2}
      propertyPath: m_LocalRotation.w
      value: 1
      objectReference: {fileID: 0}
    - target: {fileID: 224668283247290820, guid: 32941a8218f75d240968c85f88d0b4ff,
        type: 2}
      propertyPath: m_RootOrder
      value: 3
      objectReference: {fileID: 0}
    - target: {fileID: 224668283247290820, guid: 32941a8218f75d240968c85f88d0b4ff,
        type: 2}
      propertyPath: m_AnchoredPosition.x
      value: 0
      objectReference: {fileID: 0}
    - target: {fileID: 224668283247290820, guid: 32941a8218f75d240968c85f88d0b4ff,
        type: 2}
      propertyPath: m_AnchoredPosition.y
      value: 2
      objectReference: {fileID: 0}
    - target: {fileID: 224668283247290820, guid: 32941a8218f75d240968c85f88d0b4ff,
        type: 2}
      propertyPath: m_SizeDelta.x
      value: 60
      objectReference: {fileID: 0}
    - target: {fileID: 224668283247290820, guid: 32941a8218f75d240968c85f88d0b4ff,
        type: 2}
      propertyPath: m_SizeDelta.y
      value: 60
      objectReference: {fileID: 0}
    - target: {fileID: 224668283247290820, guid: 32941a8218f75d240968c85f88d0b4ff,
        type: 2}
      propertyPath: m_AnchorMin.x
      value: 0.5
      objectReference: {fileID: 0}
    - target: {fileID: 224668283247290820, guid: 32941a8218f75d240968c85f88d0b4ff,
        type: 2}
      propertyPath: m_AnchorMin.y
      value: 0.5
      objectReference: {fileID: 0}
    - target: {fileID: 224668283247290820, guid: 32941a8218f75d240968c85f88d0b4ff,
        type: 2}
      propertyPath: m_AnchorMax.x
      value: 0.5
      objectReference: {fileID: 0}
    - target: {fileID: 224668283247290820, guid: 32941a8218f75d240968c85f88d0b4ff,
        type: 2}
      propertyPath: m_AnchorMax.y
      value: 0.5
      objectReference: {fileID: 0}
    - target: {fileID: 224668283247290820, guid: 32941a8218f75d240968c85f88d0b4ff,
        type: 2}
      propertyPath: m_Pivot.x
      value: 0.5
      objectReference: {fileID: 0}
    - target: {fileID: 224668283247290820, guid: 32941a8218f75d240968c85f88d0b4ff,
        type: 2}
      propertyPath: m_Pivot.y
      value: 0.5
      objectReference: {fileID: 0}
    - target: {fileID: 114214841495597130, guid: 32941a8218f75d240968c85f88d0b4ff,
        type: 2}
      propertyPath: m_havePropertiesChanged
      value: 1
      objectReference: {fileID: 0}
    - target: {fileID: 114214841495597130, guid: 32941a8218f75d240968c85f88d0b4ff,
        type: 2}
      propertyPath: m_isInputParsingRequired
      value: 1
      objectReference: {fileID: 0}
    - target: {fileID: 114052034173339576, guid: 32941a8218f75d240968c85f88d0b4ff,
        type: 2}
      propertyPath: m_havePropertiesChanged
      value: 1
      objectReference: {fileID: 0}
    - target: {fileID: 114052034173339576, guid: 32941a8218f75d240968c85f88d0b4ff,
        type: 2}
      propertyPath: m_isInputParsingRequired
      value: 1
      objectReference: {fileID: 0}
    m_RemovedComponents: []
  m_ParentPrefab: {fileID: 100100000, guid: 32941a8218f75d240968c85f88d0b4ff, type: 2}
  m_IsPrefabParent: 0
--- !u!1 &1946890427
GameObject:
  m_ObjectHideFlags: 0
  m_PrefabParentObject: {fileID: 0}
  m_PrefabInternal: {fileID: 0}
  serializedVersion: 5
  m_Component:
  - component: {fileID: 1946890428}
  m_Layer: 0
  m_Name: Character
  m_TagString: Untagged
  m_Icon: {fileID: 0}
  m_NavMeshLayer: 0
  m_StaticEditorFlags: 0
  m_IsActive: 1
--- !u!4 &1946890428
Transform:
  m_ObjectHideFlags: 0
  m_PrefabParentObject: {fileID: 0}
  m_PrefabInternal: {fileID: 0}
  m_GameObject: {fileID: 1946890427}
  m_LocalRotation: {x: 0, y: 0, z: 0, w: 1}
  m_LocalPosition: {x: -14.291016, y: -5.480957, z: -2.046875}
  m_LocalScale: {x: 1, y: 1, z: 1}
  m_Children: []
  m_Father: {fileID: 0}
  m_RootOrder: 7
  m_LocalEulerAnglesHint: {x: 0, y: 0, z: 0}
--- !u!1001 &2057013387
Prefab:
  m_ObjectHideFlags: 0
  serializedVersion: 2
  m_Modification:
    m_TransformParent: {fileID: 1913618623}
    m_Modifications:
    - target: {fileID: 224911308081172000, guid: d0219232011464e4da291a05723c834f,
        type: 2}
      propertyPath: m_LocalPosition.x
      value: 0
      objectReference: {fileID: 0}
    - target: {fileID: 224911308081172000, guid: d0219232011464e4da291a05723c834f,
        type: 2}
      propertyPath: m_LocalPosition.y
      value: 0
      objectReference: {fileID: 0}
    - target: {fileID: 224911308081172000, guid: d0219232011464e4da291a05723c834f,
        type: 2}
      propertyPath: m_LocalPosition.z
      value: -1016
      objectReference: {fileID: 0}
    - target: {fileID: 224911308081172000, guid: d0219232011464e4da291a05723c834f,
        type: 2}
      propertyPath: m_LocalRotation.x
      value: -0
      objectReference: {fileID: 0}
    - target: {fileID: 224911308081172000, guid: d0219232011464e4da291a05723c834f,
        type: 2}
      propertyPath: m_LocalRotation.y
      value: -0
      objectReference: {fileID: 0}
    - target: {fileID: 224911308081172000, guid: d0219232011464e4da291a05723c834f,
        type: 2}
      propertyPath: m_LocalRotation.z
      value: -0
      objectReference: {fileID: 0}
    - target: {fileID: 224911308081172000, guid: d0219232011464e4da291a05723c834f,
        type: 2}
      propertyPath: m_LocalRotation.w
      value: 1
      objectReference: {fileID: 0}
    - target: {fileID: 224911308081172000, guid: d0219232011464e4da291a05723c834f,
        type: 2}
      propertyPath: m_RootOrder
      value: 4
      objectReference: {fileID: 0}
    - target: {fileID: 224911308081172000, guid: d0219232011464e4da291a05723c834f,
        type: 2}
      propertyPath: m_AnchoredPosition.x
      value: 0
      objectReference: {fileID: 0}
    - target: {fileID: 224911308081172000, guid: d0219232011464e4da291a05723c834f,
        type: 2}
      propertyPath: m_AnchoredPosition.y
      value: 5
      objectReference: {fileID: 0}
    - target: {fileID: 224911308081172000, guid: d0219232011464e4da291a05723c834f,
        type: 2}
      propertyPath: m_SizeDelta.x
      value: 100
      objectReference: {fileID: 0}
    - target: {fileID: 224911308081172000, guid: d0219232011464e4da291a05723c834f,
        type: 2}
      propertyPath: m_SizeDelta.y
      value: 150
      objectReference: {fileID: 0}
    - target: {fileID: 224911308081172000, guid: d0219232011464e4da291a05723c834f,
        type: 2}
      propertyPath: m_AnchorMin.x
      value: 0.5
      objectReference: {fileID: 0}
    - target: {fileID: 224911308081172000, guid: d0219232011464e4da291a05723c834f,
        type: 2}
      propertyPath: m_AnchorMin.y
      value: 0.5
      objectReference: {fileID: 0}
    - target: {fileID: 224911308081172000, guid: d0219232011464e4da291a05723c834f,
        type: 2}
      propertyPath: m_AnchorMax.x
      value: 0.5
      objectReference: {fileID: 0}
    - target: {fileID: 224911308081172000, guid: d0219232011464e4da291a05723c834f,
        type: 2}
      propertyPath: m_AnchorMax.y
      value: 0.5
      objectReference: {fileID: 0}
    - target: {fileID: 224911308081172000, guid: d0219232011464e4da291a05723c834f,
        type: 2}
      propertyPath: m_Pivot.x
      value: 0.5
      objectReference: {fileID: 0}
    - target: {fileID: 224911308081172000, guid: d0219232011464e4da291a05723c834f,
        type: 2}
      propertyPath: m_Pivot.y
      value: 0.5
      objectReference: {fileID: 0}
    - target: {fileID: 114811289145137334, guid: d0219232011464e4da291a05723c834f,
        type: 2}
      propertyPath: m_havePropertiesChanged
      value: 1
      objectReference: {fileID: 0}
    - target: {fileID: 114811289145137334, guid: d0219232011464e4da291a05723c834f,
        type: 2}
      propertyPath: m_isInputParsingRequired
      value: 1
      objectReference: {fileID: 0}
    - target: {fileID: 114352529051721638, guid: d0219232011464e4da291a05723c834f,
        type: 2}
      propertyPath: m_havePropertiesChanged
      value: 1
      objectReference: {fileID: 0}
    - target: {fileID: 114352529051721638, guid: d0219232011464e4da291a05723c834f,
        type: 2}
      propertyPath: m_isInputParsingRequired
      value: 1
      objectReference: {fileID: 0}
    - target: {fileID: 114035240551827910, guid: d0219232011464e4da291a05723c834f,
        type: 2}
      propertyPath: m_Enabled
      value: 1
      objectReference: {fileID: 0}
    - target: {fileID: 114161154395166394, guid: d0219232011464e4da291a05723c834f,
        type: 2}
      propertyPath: m_Enabled
      value: 1
      objectReference: {fileID: 0}
    - target: {fileID: 1095237914177974, guid: d0219232011464e4da291a05723c834f, type: 2}
      propertyPath: m_IsActive
      value: 1
      objectReference: {fileID: 0}
    m_RemovedComponents: []
  m_ParentPrefab: {fileID: 100100000, guid: d0219232011464e4da291a05723c834f, type: 2}
  m_IsPrefabParent: 0
