%YAML 1.1
%TAG !u! tag:unity3d.com,2011:
--- !u!1001 &100100000
Prefab:
  m_ObjectHideFlags: 1
  serializedVersion: 2
  m_Modification:
    m_TransformParent: {fileID: 0}
    m_Modifications: []
    m_RemovedComponents: []
  m_ParentPrefab: {fileID: 0}
  m_RootGameObject: {fileID: 1472657377677714}
  m_IsPrefabParent: 1
--- !u!1 &1472657377677714
GameObject:
  m_ObjectHideFlags: 0
  m_PrefabParentObject: {fileID: 0}
  m_PrefabInternal: {fileID: 100100000}
  serializedVersion: 5
  m_Component:
  - component: {fileID: 4235036535019656}
  - component: {fileID: 33530329053343530}
  - component: {fileID: 23075431489322926}
  - component: {fileID: 54604759749019652}
  - component: {fileID: 114924242645874618}
  - component: {fileID: 135902124549547834}
  m_Layer: 9
  m_Name: energy
  m_TagString: Fruit
  m_Icon: {fileID: 0}
  m_NavMeshLayer: 0
  m_StaticEditorFlags: 0
  m_IsActive: 1
--- !u!4 &4235036535019656
Transform:
  m_ObjectHideFlags: 1
  m_PrefabParentObject: {fileID: 0}
  m_PrefabInternal: {fileID: 100100000}
  m_GameObject: {fileID: 1472657377677714}
  m_LocalRotation: {x: 0.00000005960465, y: 0.7071068, z: -0.00000005960465, w: 0.7071068}
  m_LocalPosition: {x: 234.425, y: 70.3403, z: -50.809483}
  m_LocalScale: {x: 27.443165, y: 19.824749, z: 37.32943}
  m_Children: []
  m_Father: {fileID: 0}
  m_RootOrder: 0
  m_LocalEulerAnglesHint: {x: 0, y: 0, z: 0}
--- !u!23 &23075431489322926
MeshRenderer:
  m_ObjectHideFlags: 1
  m_PrefabParentObject: {fileID: 0}
  m_PrefabInternal: {fileID: 100100000}
  m_GameObject: {fileID: 1472657377677714}
  m_Enabled: 1
  m_CastShadows: 1
  m_ReceiveShadows: 1
  m_MotionVectors: 1
  m_LightProbeUsage: 1
  m_ReflectionProbeUsage: 1
  m_Materials:
  - {fileID: 2100000, guid: fa4973c17f0ff704f99107cc24922077, type: 2}
  m_StaticBatchInfo:
    firstSubMesh: 0
    subMeshCount: 0
  m_StaticBatchRoot: {fileID: 0}
  m_ProbeAnchor: {fileID: 0}
  m_LightProbeVolumeOverride: {fileID: 0}
  m_ScaleInLightmap: 1
  m_PreserveUVs: 0
  m_IgnoreNormalsForChartDetection: 0
  m_ImportantGI: 0
  m_SelectedEditorRenderState: 3
  m_MinimumChartSize: 4
  m_AutoUVMaxDistance: 0.5
  m_AutoUVMaxAngle: 89
  m_LightmapParameters: {fileID: 0}
  m_SortingLayerID: 0
  m_SortingLayer: 0
  m_SortingOrder: 0
--- !u!33 &33530329053343530
MeshFilter:
  m_ObjectHideFlags: 1
  m_PrefabParentObject: {fileID: 0}
  m_PrefabInternal: {fileID: 100100000}
  m_GameObject: {fileID: 1472657377677714}
  m_Mesh: {fileID: 4300000, guid: e8fa7457ec3fb524fa310629d6fbcb99, type: 3}
--- !u!54 &54604759749019652
Rigidbody:
  m_ObjectHideFlags: 1
  m_PrefabParentObject: {fileID: 0}
  m_PrefabInternal: {fileID: 100100000}
  m_GameObject: {fileID: 1472657377677714}
  serializedVersion: 2
  m_Mass: 0.02
  m_Drag: 0
  m_AngularDrag: 0.05
  m_UseGravity: 1
  m_IsKinematic: 0
  m_Interpolate: 0
  m_Constraints: 0
  m_CollisionDetection: 0
--- !u!114 &114924242645874618
MonoBehaviour:
  m_ObjectHideFlags: 1
  m_PrefabParentObject: {fileID: 0}
  m_PrefabInternal: {fileID: 100100000}
  m_GameObject: {fileID: 1472657377677714}
  m_Enabled: 1
  m_EditorHideFlags: 0
  m_Script: {fileID: 11500000, guid: 42a5dd1d1d49df4408aeab86d1d071b9, type: 3}
  m_Name: 
  m_EditorClassIdentifier: 
  EfectoCollision: {fileID: 1951735663316770, guid: 86103bd712c265b49b591c53435dd407,
    type: 2}
  collisionEffectTime: 1
  gravityScale: 0.2
  marked: 0
  damage: 0
  fallSpeed: -0.02
  score: 5000
  scoreFruit: {fileID: 0}
  scoreImage: {fileID: 0}
--- !u!135 &135902124549547834
SphereCollider:
  m_ObjectHideFlags: 1
  m_PrefabParentObject: {fileID: 0}
  m_PrefabInternal: {fileID: 100100000}
  m_GameObject: {fileID: 1472657377677714}
  m_Material: {fileID: 0}
  m_IsTrigger: 0
  m_Enabled: 1
  serializedVersion: 2
  m_Radius: 0.020747736
  m_Center: {x: 4.056301e-23, y: -0.0000000027939677, z: 0.0000000037252903}
